<collection xmlns="http://www.loc.gov/MARC21/slim">
<record>
  <leader>01159nam0a22002411i 450 </leader>
  <controlfield tag="001">IT\ICCU\CNCE\068631</controlfield>
  <controlfield tag="005">20130226000000.0</controlfield>
  <datafield tag="012" ind1=" " ind2=" ">
    <subfield code="a">i-e, meg- o-ne lio- (C) 1562 (Q)</subfield>
    <subfield code="2">fei</subfield>
  </datafield>
  <datafield tag="100" ind1=" " ind2=" ">
    <subfield code="a">20061025f1562        0itac0103    ba</subfield>
  </datafield>
  <datafield tag="101" ind1=" " ind2=" ">
    <subfield code="a">ITA</subfield>
  </datafield>
  <datafield tag="102" ind1=" " ind2=" ">
    <subfield code="a">IT</subfield>
  </datafield>
  <datafield tag="200" ind1="1" ind2=" ">
    <subfield code="a">Ordini fatti per il n. q. molto magn. i. c. sig. Agostino Gallarate fundatore dell&apos;Hospitale de poueri vergognosi di Cremona circa la distributione e dispensatione dell&apos;elemosine... insieme con la correttione et emendatione delli sodetti ordini fatta dalla se. me. de monsig. Vida, Vescovo di Alba ...</subfield>
  </datafield>
  <datafield tag="210" ind1=" " ind2=" ">
    <subfield code="d">\1562?!</subfield>
  </datafield>
  <datafield tag="215" ind1=" " ind2=" ">
    <subfield code="a">\8! c.</subfield>
    <subfield code="d">fol</subfield>
  </datafield>
  <datafield tag="300" ind1=" " ind2=" ">
    <subfield code="a">La data si ricava dal testo a c. 1r</subfield>
  </datafield>
  <datafield tag="700" ind1=" " ind2="0">
    <subfield code="a">Ospedale dei poveri vergognosi</subfield>
    <subfield code="c"> &lt;Cremona&gt;</subfield>
    <subfield code="3">IT\ICCU\CNCA\027389</subfield>
  </datafield>
  <datafield tag="702" ind1=" " ind2="1">
    <subfield code="a">Gallarati,</subfield>
    <subfield code="b">Agostino</subfield>
    <subfield code="3">IT\ICCU\CNCA\027390</subfield>
  </datafield>
  <datafield tag="702" ind1=" " ind2="1">
    <subfield code="a">Vida,</subfield>
    <subfield code="b">Marco Girolamo</subfield>
    <subfield code="3">IT\ICCU\CNCA\003563</subfield>
  </datafield>
  <datafield tag="712" ind1="0" ind2="2">
    <subfield code="a">s.n.</subfield>
    <subfield code="3">IT\ICCU\CNCT\000002</subfield>
    <subfield code="4">650</subfield>
  </datafield>
  <datafield tag="790" ind1=" " ind2="1">
    <subfield code="a">Gallarate,</subfield>
    <subfield code="b">Agostino</subfield>
    <subfield code="3">IT\ICCU\CNCA\027405</subfield>
    <subfield code="z">Gallarati, Agostino</subfield>
  </datafield>
  <datafield tag="790" ind1=" " ind2="1">
    <subfield code="a">Vida,</subfield>
    <subfield code="b">Marcus Hieronymus</subfield>
    <subfield code="3">IT\ICCU\CNCA\025738</subfield>
    <subfield code="z">Vida, Marco Girolamo</subfield>
  </datafield>
  <datafield tag="801" ind1=" " ind2="3">
    <subfield code="a">IT</subfield>
    <subfield code="b">ICCU</subfield>
    <subfield code="c">20201115</subfield>
  </datafield>
  <datafield tag="899" ind1=" " ind2=" ">
    <subfield code="a">Biblioteca Ambrosiana. Milano</subfield>
    <subfield code="1">MI0133</subfield>
    <subfield code="2">VBA 01</subfield>
  </datafield>
</record>
</collection>
